@article{hatcher,
  title={Algebraic topology. 2002},
  author={Hatcher, Allen},
  journal={Cambridge UP, Cambridge},
  volume={606},
  number={9},
  year={2002}
}
